@MISC{potvin2015,
  author = "Rachel Potvin",
  title = "Why {Google} Stores Billions of Lines of Code in a Single Repository",
  howpublished = "Systems @Scale, \url{https://youtu.be/W71BTkUbdqE}",
  year = 2015,
}

@article{dusing2022,
  author = {D\"{u}sing, Johannes and Hermann, Ben},
  title = {Analyzing the Direct and Transitive Impact of Vulnerabilities onto Different Artifact Repositories},
  year = {2022},
  publisher = {ACM},
  volume = {3},
  number = {4},
  journal = {Digital Threats},
}

@article{hubert2024,
  author={Hubert, Bert},
  journal={IEEE Spectrum}, 
  title={Why Bloat is Still Software's Biggest Vulnerability: A 2024 plea for lean software}, 
  year={2024},
  volume={61},
  number={4},
  pages={22-50},
}

@article{charette2021,
  author = {Charette, Robert},
  journal = {IEEE Spectrum},
  title = {How Software is Eating the Car},
  year = {2021}
}

@inproceedings{quach2017,
  author = {Quach, Anh and Erinfolami, Rukayat and Demicco, David and Prakash, Aravind},
  title = {A Multi-OS Cross-Layer Study of Bloating in User Programs, Kernel and Managed Execution Environments},
  year = {2017},
  booktitle = {Proceedings of the 2017 Workshop on Forming an Ecosystem Around Software Transformation},
  series = {FEAST '17}
}

@inproceedings{quach2018,
  title={Debloating software through $\{$Piece-Wise$\}$ compilation and loading},
  author={Quach, Anh and Prakash, Aravind and Yan, Lok},
  booktitle={27th USENIX security symposium (USENIX Security 18)},
  year={2018}
}

@MISC{jndiflaw,
  author = "Apache",
  title = "JNDI Lookup plugin support",
  howpublished = "ASF JIRA, \url{https://issues.apache.org/jira/browse/LOG4J2-313}",
  year = 2013,
}

@MISC{cisalog4j,
  author = "CISA",
  title = "Mitigating Log4Shell and Other Log4j-Related Vulnerabilities",
  howpublished = "Cybersecurity Advisory, \url{https://www.cisa.gov/news-events/cybersecurity-advisories/aa21-356a}",
  year = 2021,
}

@article{sunburst,
  author = {Zetter, Kim},
  journal = {Wired},
  title = {The Untold Story of the Boldest Supply-Chain Hack Ever},
  year = 2023,
}

@article{forcedentry,
  author = {Beer, Ian and Gross, Samuel},
  journal = {Google Project Zero},
  title = {A deep dive into an NSO zero-click iMessage exploit: Remote Code Execution},
  year = 2021,
}

@inproceedings{klemmer2024,
  title={Using AI Assistants in Software Development: A Qualitative Study on Security Practices and Concerns}, 
  author={Jan H. Klemmer and Stefan Albert Horstmann and Nikhil Patnaik and Cordelia Ludden and Cordell Burton Jr and Carson Powers and Fabio Massacci and Akond Rahman and Daniel Votipka and Heather Richter Lipford and Awais Rashid and Alena Naiakshina and Sascha Fahl},
  booktitle={ACM CCS 2024},
  year = 2024
}

@inproceedings{duan2021,
  title={Towards Measuring Supply Chain Attacks on Package Managers for Interpreted Languages}, 
  author={Ruian Duan and Omar Alrawi and Ranjita Pai Kasturi and Ryan Elder and Brendan Saltaformaggio and Wenke Lee},
  booktitle={NDSS},
  year = 2021
}

@MISC{xzutils,
  author = {Fred Bals},
  title = {What is the Xz Utils Backdoor: Everything you need to know about the supply chain attack},
  howpublished = "Synopsys Blog, \url{https://www.synopsys.com/blogs/software-security/xz-utils-backdoor-supply-chain-attack.html}",
  year = 2024,
}

@MISC{lanyado2024,
  author = {Bar Lanyado},
  title = {Diving Deeper into AI Package Hallucinations},
  howpublished = "Lasso Security Blog, \url{https://www.lasso.security/blog/ai-package-hallucinations}",
  year = 2024,
}