@ARTICLE{bhartiya,
  author = "Swapnil Bhartiya",
  title = "{Linux} in 2020: 27.8 Million Lines of Code in the Kernel, 1.3 Million in {systemd}",
  journal = "Linux.com",
  month = "January",
  year = 2020,
}

@MISC{potvin,
  author = "Rachel Potvin",
  title = "Why {Google} Stores Billions of Lines of Code in a Single Repository",
  howpublished = "Systems @Scale, \url{https://youtu.be/W71BTkUbdqE}",
  year = 2015,
}

@INPROCEEDINGS{rop,
  author = "Hovav Shacham",
  title = "The Geometry of Innocent Flesh on the Bone: Return-into-libc Without Function Calls (on the {x86})",
  booktitle = "Proceedings of the ACM Conference on Computer and Communications Security (CCS)",
  year = 2007,
  pages = "552--561",
}

